@article{p1,
 author = {Miller, Lance},
 title = {Natural Language Programming},
 journal = {SIGART Bull.},
 issue_date = {February 1977},
 number = {61},
 month = feb,
 year = {1977},
 issn = {0163-5719},
 pages = {32--32},
 numpages = {1},
 url = {http://doi.acm.org/10.1145/1045283.1045299},
 doi = {10.1145/1045283.1045299},
 acmid = {1045299},
 publisher = {ACM},
 address = {New York, NY, USA},
} 

@inproceedings{p2,
	author = {Oda, Yusuke and Fudaba, Hiroyuki and Neubig, Graham and Hata, Hideaki and Sakti, Sakriani and Toda, Tomoki and Nakamura, Satoshi},
	title = {Learning to Generate Pseudo-Code from Source Code Using Statistical Machine Translation (T)},
	booktitle = {Proceedings of the 2015 30th IEEE/ACM International Conference on Automated Software Engineering (ASE)},
	series = {ASE '15},
	year = {2015},
	isbn = {978-1-5090-0025-8},
	pages = {574--584},
	numpages = {11},
	url = {https://doi.org/10.1109/ASE.2015.36},
	doi = {10.1109/ASE.2015.36},
	acmid = {2916173},
	publisher = {IEEE Computer Society},
	address = {Washington, DC, USA},
} 

@article{p3,
	author = {Yaghmazadeh, Navid and Wang, Yuepeng and Dillig, Isil and Dillig, Thomas},
	title = {SQLizer: Query Synthesis from Natural Language},
	journal = {Proc. ACM Program. Lang.},
	issue_date = {October 2017},
	volume = {1},
	number = {OOPSLA},
	month = oct,
	year = {2017},
	issn = {2475-1421},
	pages = {63:1--63:26},
	articleno = {63},
	numpages = {26},
	url = {http://doi.acm.org/10.1145/3133887},
	doi = {10.1145/3133887},
	acmid = {3133887},
	publisher = {ACM},
	address = {New York, NY, USA},
	keywords = {Program Synthesis, Programming by Natural Languages, Relational Databases},
} 

@misc{p4,
	title = {WolframAlpha Computational Knowledge Engine},
	howpublished = {\url{http://www.wolframalpha.com}},
}




@inproceedings{p5,
	author = {Gopstein, Dan and Iannacone, Jake and Yan, Yu and DeLong, Lois and Zhuang, Yanyan and Yeh, Martin K.-C. and Cappos, Justin},
	title = {Understanding Misunderstandings in Source Code},
	booktitle = {Proceedings of the 2017 11th Joint Meeting on Foundations of Software Engineering},
	series = {ESEC/FSE 2017},
	year = {2017},
	isbn = {978-1-4503-5105-8},
	location = {Paderborn, Germany},
	pages = {129--139},
	numpages = {11},
	url = {http://doi.acm.org/10.1145/3106237.3106264},
	doi = {10.1145/3106237.3106264},
	acmid = {3106264},
	publisher = {ACM},
	address = {New York, NY, USA},
	keywords = {Program Understanding, Programming Languages},
} 


@inproceedings{p6,
	author = {D.G. Lymperopoulos ,  
	D. Logothetis , P. Atlamazoglou },
	publisher = {IEEE},
	title = {Using object-oriented and literate-programming techniques for the development of a computational electromagnetics library},
	booktitle = {IEEE Antennas and Propagation Magazine },
	date = {3, June 2005},
}



@inproceedings{p7,
	author = { A. Kacofegitis ;  N. Churcher},
	publisher = {IEEE},
	title = {Theme-based literate programming},
	booktitle = {Software Engineering Conference, 2002. Ninth Asia-Pacific},
	date = {28 February 2003},
}



@inproceedings{p8,
	author = {H. Anderson},
	publisher = {IEEE},
	title = {Formalization and 'literate' programming},
	booktitle = {Software Engineering Conference, 2001. APSEC 2001. Eighth Asia-Pacific},
	date = {4-7 Dec. 2001},
}


@inproceedings{p9,
	author = { M. Brown , D. Cordes},
	publisher = {IEEE},
	title = {A literate programming design language},
	booktitle = {1990 IEEE International Conference on Computer Systems and Software Engineering},
	date = {06 August 2002},
}


@inproceedings{p10,
	author = {E.W. van Ammers ,  M.R. Kramer},
	publisher = {IEEE},
	title = {VAMP: A tool for literate programming independent of programming language and formatter},
	booktitle = {CompEuro '92 . 'Computer Systems and Software Engineering',Proceedings.},
	date = {06 August 2002},
}


@inproceedings{p11,
	author = { Maj Stenmark ,  Pierre Nugues},
	publisher = {IEEE},
	title = {Natural language programming of industrial robots},
	booktitle = {Robotics (ISR), 2013 44th International Symposium},
	date = {06 January 2014},
}





@inproceedings{p12,
	author = {Osvaldo Luiz Oliveira ,  Ana Maria Monteiro ,  Norton Trevisan Roman},
	publisher = {IEEE},
	title = {Can natural language be utilized in the learning of programming fundamentals?},
	booktitle = {Frontiers in Education Conference, 2013 IEEE},
	date = {19 December 2013},
}




@inproceedings{p13,
	author = {Pu Yin},
	publisher = {IEEE},
	title = {Natural Language Programming Based on Knowledge},
	booktitle = {Artificial Intelligence and Computational Intelligence (AICI), 2010 International Conference},
	date = {03 December 2010},
}



@inproceedings{p14,
	author = {Aditya Desai ; Sumit Gulwani ; Vineet Hingorani ; Nidhi Jain ; Amey Karkare ; Mark Marron ; Sailesh R ; Subhajit Roy},
	publisher = {IEEE},
	title = {Program Synthesis Using Natural Language},
	booktitle = {Software Engineering (ICSE), 2016 IEEE/ACM 38th International Conference},
	date = {03 April 2017},
}


@inproceedings{p15,
	author = { Sharvari Nadkarni , Parth Panchmatia ,  Tejas Karwa and  Swapnali Kurhade},
	publisher= {IEEE},
	title = {Semi natural language algorithm to programming language interpreter},
	booktitle = {Advances in Human Machine Interaction (HMI), 2016 International Conference},
	date = {11 April 2016},
}



@inproceedings{p16,
	author = {Judith Good ;  Kate Howland},
	publisher = {IEEE},
	title = {Natural language and programming: Designing effective environments for novices},
	booktitle = {Visual Languages and Human-Centric Computing (VL/HCC), 2015 IEEE Symposium},
	date = {17 December 2015},
}

@inproceedings{p17,
	author = {	Mathias Landhauber and Hug, Ronny},
	title = {Text Understanding for Programming in Natural Language: Control Structures},
	booktitle = {Proceedings of the Fourth International Workshop on Realizing Artificial Intelligence Synergies in Software Engineering},
	series = {RAISE '15},
	year = {2015},
	location = {Florence, Italy},
	pages = {7--12},
	numpages = {6},
	url = {http://dl.acm.org/citation.cfm?id=2820668.2820671},
	acmid = {2820671},
	publisher = {IEEE Press},
	address = {Piscataway, NJ, USA},
} 




@inproceedings{p18,
	author = {Nazlia Omar ;  Nomariani A. Razik},
	publisher= {IEEE},
	title = {Determining the basic elements of object oriented programming using natural language processing},
	booktitle = {Information Technology, 2008. ITSim 2008. International Symposium},
	date = {26 September 2008},
}

@inproceedings{p19,
	author = {Raghothaman, Mukund and Wei, Yi and Hamadi, Youssef},
	title = {SWIM: Synthesizing What I Mean: Code Search and Idiomatic Snippet Synthesis},
	booktitle = {Proceedings of the 38th International Conference on Software Engineering},
	series = {ICSE '16},
	year = {2016},
	isbn = {978-1-4503-3900-1},
	location = {Austin, Texas},
	pages = {357--367},
	numpages = {11},
	url = {http://doi.acm.org/10.1145/2884781.2884808},
	doi = {10.1145/2884781.2884808},
	acmid = {2884808},
	publisher = {ACM},
	address = {New York, NY, USA},
} 

@article{p20,
	author = {Roy, Geoffrey G},
	title = {Designing and Explaining Programs with a Literate Pseudocode},
	journal = {J. Educ. Resour. Comput.},
	issue_date = {March 2006},
	volume = {6},
	number = {1},
	month = mar,
	year = {2006},
	issn = {1531-4278},
	articleno = {1},
	url = {http://doi.acm.org/10.1145/1217862.1217863},
	doi = {10.1145/1217862.1217863},
	acmid = {1217863},
	publisher = {ACM},
	address = {New York, NY, USA},
	keywords = {Pseudocode, literate programming, novices},
}

@inproceedings{p21,
	author = {Turner, Roy M.},
	title = {LP/LISP: Literate Programming for Lisp},
	booktitle = {Proceedings of the 2010 International Conference on Lisp},
	series = {ILC '10},
	year = {2010},
	isbn = {978-1-4503-0470-2},
	location = {Reno/Tahoe, Nevada, USA},
	pages = {21--28},
	numpages = {8},
	url = {http://doi.acm.org/10.1145/1869643.1869647},
	doi = {10.1145/1869643.1869647},
	acmid = {1869647},
	publisher = {ACM},
	address = {New York, NY, USA},
	keywords = {latex, lisp, literate programming},
} 

@inproceedings{p22,
	author = {Palmer, James Dean and Hillenbrand, Eddie},
	title = {Reimagining Literate Programming},
	booktitle = {Proceedings of the 24th ACM SIGPLAN Conference Companion on Object Oriented Programming Systems Languages and Applications},
	series = {OOPSLA '09},
	year = {2009},
	isbn = {978-1-60558-768-4},
	location = {Orlando, Florida, USA},
	pages = {1007--1014},
	numpages = {8},
	url = {http://doi.acm.org/10.1145/1639950.1640072},
	doi = {10.1145/1639950.1640072},
	acmid = {1640072},
	publisher = {ACM},
	address = {New York, NY, USA},
	keywords = {ginger, literate programming, program comprehension},
} 

@inproceedings{p23,
	author = {Liu, Hugo and Lieberman, Henry},
	title = {Metafor: Visualizing Stories As Code},
	booktitle = {Proceedings of the 10th International Conference on Intelligent User Interfaces},
	series = {IUI '05},
	year = {2005},
	isbn = {1-58113-894-6},
	location = {San Diego, California, USA},
	pages = {305--307},
	numpages = {3},
	url = {http://doi.acm.org/10.1145/1040830.1040908},
	doi = {10.1145/1040830.1040908},
	acmid = {1040908},
	publisher = {ACM},
	address = {New York, NY, USA},
	keywords = {case tools, natural language programming, storytelling},
} 

@inproceedings{p24,
	author = {Sridhara, Giriprasad and Hill, Emily and Muppaneni, Divya and Pollock, Lori and Vijay-Shanker, K.},
	title = {Towards Automatically Generating Summary Comments for Java Methods},
	booktitle = {Proceedings of the IEEE/ACM International Conference on Automated Software Engineering},
	series = {ASE '10},
	year = {2010},
	isbn = {978-1-4503-0116-9},
	location = {Antwerp, Belgium},
	pages = {43--52},
	numpages = {10},
	url = {http://doi.acm.org/10.1145/1858996.1859006},
	doi = {10.1145/1858996.1859006},
	acmid = {1859006},
	publisher = {ACM},
	address = {New York, NY, USA},
	keywords = {comment generation, method summarization, natural language program analysis},
} 

@inproceedings{p25,
	author = {Kn\"{o}ll, Roman and Gasiunas, Vaidas and Mezini, Mira},
	title = {Naturalistic Types},
	booktitle = {Proceedings of the 10th SIGPLAN Symposium on New Ideas, New Paradigms, and Reflections on Programming and Software},
	series = {Onward! 2011},
	year = {2011},
	isbn = {978-1-4503-0941-7},
	location = {Portland, Oregon, USA},
	pages = {33--48},
	numpages = {16},
	url = {http://doi.acm.org/10.1145/2048237.2048243},
	doi = {10.1145/2048237.2048243},
	acmid = {2048243},
	publisher = {ACM},
	address = {New York, NY, USA},
	keywords = {natural language programming, naturalistic programming, readability, referencing, types, understandability},
} 

@inproceedings{p26,
	author = {Kn\"{o}ll, Roman and Mezini, Mira},
	title = {Pegasus: First Steps Toward a Naturalistic Programming Language},
	booktitle = {Companion to the 21st ACM SIGPLAN Symposium on Object-oriented Programming Systems, Languages, and Applications},
	series = {OOPSLA '06},
	year = {2006},
	isbn = {1-59593-491-X},
	location = {Portland, Oregon, USA},
	pages = {542--559},
	numpages = {18},
	url = {http://doi.acm.org/10.1145/1176617.1176628},
	doi = {10.1145/1176617.1176628},
	acmid = {1176628},
	publisher = {ACM},
	address = {New York, NY, USA},
	keywords = {aspect-oriented programming, cognitive foundations of programming, language design, natural language programming, naturalistic programming, philosophical foundations of programming},
} 

@article{p27,
	author = {Knuth, Donald E.},
	title = {Literate Programming},
	journal = {Comput. J.},
	issue_date = {May 1984},
	volume = {27},
	number = {2},
	month = may,
	year = {1984},
	issn = {0010-4620},
	pages = {97--111},
	numpages = {15},
	url = {http://dx.doi.org/10.1093/comjnl/27.2.97},
	doi = {10.1093/comjnl/27.2.97},
	acmid = {479},
	publisher = {Oxford University Press},
	address = {Oxford, UK},
} 




