@article{Miller:1977:NLP:1045283.1045299,
	author = {Miller, Lance},
	title = {Natural Language Programming},
	journal = {SIGART Bull.},
	issue_date = {February 1977},
	number = {61},
	month = feb,
	year = {1977},
	issn = {0163-5719},
	pages = {32--32},
	numpages = {1},
	url = {http://doi.acm.org/10.1145/1045283.1045299},
	doi = {10.1145/1045283.1045299},
	acmid = {1045299},
	publisher = {ACM},
	address = {New York, NY, USA},
} 

@ARTICLE{7372074, 
	author={Hiroyuki Fudaba ;  Yusuke Oda ;  Koichi Akabe ;  Graham Neubig ;  Hideaki Hata ;  Sakriani Sakti ;  Tomoki Toda ;  Satoshi Nakamura}, 
	journal={IEEE Std. 1516-2000}, 
	title={{Automated Software Engineering (ASE), 2015 30th IEEE/ACM}}, 
	year={2015}, 
	publisher = {IEEE},
	doi={10.1109/ASE.2015.107}, 
}

@article{Yaghmazadeh:2017:SQS:3152284.3133887,
	author = {Yaghmazadeh, Navid and Wang, Yuepeng and Dillig, Isil and Dillig, Thomas},
	title = {SQLizer: Query Synthesis from Natural Language},
	journal = {Proc. ACM Program. Lang.},
	issue_date = {October 2017},
	volume = {1},
	number = {OOPSLA},
	month = oct,
	year = {2017},
	issn = {2475-1421},
	pages = {63:1--63:26},
	articleno = {63},
	numpages = {26},
	url = {http://doi.acm.org/10.1145/3133887},
	doi = {10.1145/3133887},
	acmid = {3133887},
	publisher = {ACM},
	address = {New York, NY, USA},
	keywords = {Program Synthesis, Programming by Natural Languages, Relational Databases},
} 

